@techreport{IEEEexample:techrepstdsub,
  author        = "S. Kandala",
  title         = "Changes to {A}nnex {D}",
  institution   = "{IEEE} 802.11 {TGe}",
  number        = "02/680r0",
  month         = oct,
  year          = "2002"
}

@book{gonzales2009,
    title =     {Processamento Digital de Imagens},
    author =    {Rafael C. Gonzalez},
    publisher = {Pearson},
    isbn =      {978-8576054016},
    year =      {2009},
    series =    {},
    edition =   {3rd},
    volume =    {},
}

@article{sener2021,
    doi = {10.2139/ssrn.3766147},
    year = {2021},
    publisher = {Elsevier {BV}},
    author = {Deniz {\c{S}}ener and T\"{u}rkan Yal{\c{c}}{\i}n and Osman Gulseven},
    title = {The Impact of {COVID}-19 on the Video Game Industry},
    journal = {{SSRN} Electronic Journal}
}

@online{mcGee2020,
    author="Patrick McGee",
    title="{“Is it game over for the console?”}",
    url="https://www.ft.com/content/ed5aba41-c174-4b1f-8f14-8637f2da0af0",
    organization="Financial Times",
}